<?xml version="1.0" encoding="UTF-8"?><collection xmlns="http://www.loc.gov/MARC21/slim"><record><leader>00529nam--2200193-i-4500</leader><controlfield tag="001">000049923</controlfield><controlfield tag="002">20161230</controlfield><controlfield tag="005">20161230201047</controlfield><controlfield tag="008">060222s1000------------r-----000-0-rus-d</controlfield><datafield ind1=" " ind2=" " tag="040"><subfield code="a">IFIN-HH</subfield></datafield><datafield ind1=" " ind2=" " tag="041"><subfield code="a">rus</subfield></datafield><datafield ind1=" " ind2=" " tag="080"><subfield code="a">539.3</subfield></datafield><datafield ind1="1" ind2=" " tag="100"><subfield code="a">Babamuratov,K.Sh</subfield></datafield><datafield ind1="1" ind2="0" tag="245"><subfield code="a">Metod sn-evm i ego prilozheniia k zadacham teorii plastichnosti</subfield><subfield code="c">K.sh. babamuratov, a.a. iliusin, v.k. kabulov</subfield></datafield><datafield ind1=" " ind2=" " tag="260"><subfield code="a">Tashkent</subfield><subfield code="b">Fan</subfield><subfield code="c">1987</subfield></datafield><datafield ind1=" " ind2=" " tag="300"><subfield code="a">286 S</subfield></datafield><datafield ind1="1" ind2=" " tag="700"><subfield code="a">Kabulov, V.K</subfield></datafield><datafield ind1=" " ind2=" " tag="852"><subfield code="a">78811</subfield><subfield code="c">539.3</subfield></datafield><datafield ind1=" " ind2=" " tag="CAT"><subfield code="a">Sys</subfield><subfield code="c">20130123</subfield><subfield code="h">170333</subfield></datafield></record></collection>